%% This BibTeX bibliography file was created using BibDesk.
%% http://bibdesk.sourceforge.net/


%% Created for alex barclay at 2009-09-11 21:48:09 -0500 


%% Saved with string encoding Unicode (UTF-8) 



@webpage{scapel,
	Author = {Richard G. Golden},
	Date-Added = {2009-09-11 21:46:17 -0500},
	Date-Modified = {2009-09-11 21:47:50 -0500},
	Howpublished = {website},
	Lastchecked = {2009},
	Month = {12},
	Title = {Scalpel: A Frugal, High Performance File Carver},
	Url = {http://www.digitalforensicssolutions.com/Scalpel/},
	Year = {2006}}

@article{hbp,
	Author = {G. Shepherd and J. Mirsky and M. Healy and M. Singer and E. Skoufos and M. Hines and P. Nadkarni and P. Miller},
	Journal = {Trends in Neuroscience},
	Month = {November},
	Number = {11},
	Pages = {460-468},
	Title = {The {Human} {Brain} {Project}: neuroinformatics tools for integrating, searching and modeling interdisciplinary neuroscience data},
	Volume = {21},
	Year = {1998}}

@article{xnat,
	Author = {D. Marcus and T. Olsen and M. Ramaratnam and R. Buckner},
	Journal = {Neuroinformatics},
	Title = {The {eXtensible Neuroimaging Archive Toolkit}: An informatics platform for managing, exploring, and sharing neuroinformatics data},
	Year = {2007}}

@article{sharing:koslow,
	Author = {Koslow, S. H.},
	Journal = {Nature Neuroscience},
	Month = {September},
	Number = {9},
	Pages = {863-865},
	Title = {Should the neuroscience community make a paradigm shift to sharing primary data?},
	Volume = {3},
	Year = {2000}}

@incollection{Barclay2007,
	Author = {A. Barclay and L. Watson and D. Greer and J. Hale and G. Manes},
	Booktitle = {Advances in Digital Forensics III},
	Editor = {P. Craiger and S. Shenoi},
	Location = {Boston, MA},
	Pages = {205-214},
	Publisher = {Springer},
	Title = {Redacting Digital Information from Electronic Devices},
	Year = {2007}}

@article{sharing:debate,
	Author = {Editorial Staff},
	Journal = {Nature Neuroscience},
	Month = {September},
	Number = {9},
	Pages = {845-846},
	Title = {A debate over {fMRI} data sharing},
	Volume = {3},
	Year = {2000}}

@article{neu05,
	Author = {S. C. Neu and D. J. Valentino and A. W. Toga},
	Journal = {NeuroImage},
	Pages = {1170-1179},
	Title = {The {LONI Debabeler}: a mediator for neuroimaging software},
	Volume = {24},
	Year = {2005}}

@article{vanhorn01,
	Author = {J. D. Van Horn and J. S. Grethe and P. Kostelec and J. B. Woodward and J. A. Aslam and D. Rus and D. Rockmore and M. S. Gazzaniga},
	Journal = {Philosophical Transactions: Biological Sciences},
	Pages = {1323-1339},
	Title = {{The Functional Magnetic Resonance Imaging Data Center (fMRIDC): the challenges and rewards of large-scale databasing of neuroimaging studies}},
	Volume = {356},
	Year = {2001}}

@misc{barclay09,
	Author = {A. Barclay and N. Schimke and J. Hale},
	Howpublished = {{Poster at USENIX Security 2009, Montreal, Canada}},
	Location = {Montreal, Canada},
	Month = {August},
	Title = {Comprehensive Neuroimage Redaction},
	Year = {2009}}

@misc{schimke09,
	Author = {N. Schimke and N. Singleton and J. Hale},
	Howpublished = {{University of Tulsa, Technical Report}},
	Location = {Tulsa, OK},
	Month = {July},
	Title = {{XNAT} Security Assessment},
	Year = {2009}}

@article{ohm,
	Author = {Ohm, P.},
	Journal = {SSRN eLibrary},
	Language = {English},
	Location = {http://ssrn.com/paper=1450006},
	Publisher = {SSRN},
	Title = {{Broken Promises of Privacy: Responding to the Surprising Failure of Anonymization}},
	Type = {Working Paper Series},
	Year = {2009}}
