% This file was created with JabRef 2.5.
% Encoding: MacRoman

@TECHREPORT{nsaredact,
  author = {Architectures and Applications Division of the  Systems and Network
	Attack Center (SNAC)},
  title = {Redacting with Confidence: How to Safely Publish Sanitized Reports
	Converted From Word to PDF},
  institution = {National Security Agency},
  year = {2005},
  owner = {abarclay},
  timestamp = {2009.09.12}
}

@OTHER{barclay2007b,
  author = {Barclay, A. and Watson, L. and Greer, D. and Hale, J. and Manes,
	G.},
  journal = {INTERNATIONAL FEDERATION FOR INFORMATION PROCESSING-PUBLICATIONS-IFIP},
  pages = {205},
  publisher = {Springer},
  title = {{Redacting Digital Information from Electronic Devices}},
  volume = {242},
  year = {2007}
}

@ARTICLE{redaction3,
  author = {Barclay, A. and Watson, L. and Greer, D. and Hale, J. and Manes,
	G.},
  title = {{Tokens for Use in Redacting Digital Information from Electronic
	Devices. Advances in Digital Forensics III IFIP International Federation
	for Information Processing, 242}},
  year = {2007},
  publisher = {Springer, Boston}
}

@MISC{drevets09,
  author = {Wayne Drevets},
  title = {Personal Interview},
  month = {2},
  year = {2009},
  owner = {abarclay},
  timestamp = {2009.09.12}
}

@OTHER{nisthipaa,
  author = {Hash, J. and Bowen, P. and Johnson, A. and Smith, CD and Steinberg,
	DI},
  journal = {NIST Special Publication 800},
  title = {{An introductory resource guide for implementing the Health Insurance
	Portability and Accountability Act (HIPAA) Security Rule}},
  volume = {66},
  year = {2005}
}

@OTHER{manes-framework,
  author = {Manes, GW and Watson, L. and Downing, E. and Barclay, A. and Greer,
	D. and Hale, J.},
  title = {{A Framework for Redacting Digital Information from Electronic Devices}}
}

@ARTICLE{nistpii,
  author = {McCallister, E. and Grance, T. and Scanfone, K.},
  title = {{Guide to protecting the confidentiality of personally identifiable
	information (PII)(draft), January 2009}},
  journal = {NIST Special Publication}
}

@comment{jabref-meta: selector_journal:}

@comment{jabref-meta: selector_author:}

@comment{jabref-meta: selector_keywords:}

@comment{jabref-meta: selector_publisher:}

